@misc{tiobe:rankings,
author = "TIOBE",
title = "TIOBE Programming Community Index for April 2013",
day = {1},
month = "May"
year = {2013},
url = "http://www.tiobe.com/index.php/content/paperinfo/tpci/index.html"}

@misc{python:itertools
author = "Python Software Foundation",
title = "itertools",
day = {1},
month = "May"
year = {2013},
url = "http://docs.python.org/2/library/itertools.html"}

@misc{haskell:fold,
author = "Public effort",
title = "Fold",
day = {1},
month = "May",
year = {2013},
url = "http://www.haskell.org/haskellwiki/Fold"}

@article{Lin:monodify,
	author = "Jimmy Lin",
	title = "Monoidify! Monoids as a Design Principle for Efficient MapReduce Algorithms"
	month = "April",
	year = {2013}}

@misc{haskell:fold,
author = "Functional Java",
title = "Functional Java",
day = {1},
month = "May",
year = {2013},
url = "http://code.google.com/p/functionaljava/"}
